@article{Cuesta2022,
    Author = {Cuesta, Eduardo Martín},
    Title = {Gender Wage Gap in Female Industrial Workers in Buenos Aires (1903-1942)},
    Journal = {REVISTA DE HISTORIA ECONOMICA},
    Year = {2022},
    Volume = {40},
    Number = {3},
    Pages = {539-566},
    Month = {DEC},
    DOI = {10.1017/S021261092000021X},
    Article-Number = {PII S021261092000021X},
    ISSN = {0212-6109},
    EISSN = {2041-3335},
    Unique-ID = {WOS:000879744100007}
}
    % https://www-webofscience-com.bibliotecadigital.umayor.cl:2443/wos/woscc/full-record/WOS:000879744100007

@article{Cuellar2022,
    Author = {Cuellar, Cecilia Y. and Moreno, Jorge O.},
    Title = {Employment, wages, and the gender gap in Mexico: Evidence of three
       decades of the urban labor market},
    Journal = {LATIN AMERICAN JOURNAL OF CENTRAL BANKING},
    Year = {2022},
    Volume = {3},
    Number = {2},
    Month = {JAN},
    DOI = {10.1016/j.latcb.2022.100055},
    Article-Number = {100055},
    ISSN = {2666-1438},
    ResearcherID-Numbers = {Moreno, Jorge O./ISA-8376-2023},
    ORCID-Numbers = {Moreno, Jorge O./0000-0002-5658-6763},
    Unique-ID = {WOS:001302435800003}
}
    % https://www-webofscience-com.bibliotecadigital.umayor.cl:2443/wos/woscc/full-record/WOS:001302435800003

@book{Villar2010,
    author = {Villar, Antonio and de la Rica, Sara and Denia, Alfonsa and Domínguez, Mónica and Gálvez, Lina and Goerlich, Francisco J. and Guilló, María D. and Rodríguez, Paula},
    title = {Mujeres y mercado laboral en España: cuatro estudios sobre la discriminación salarial y la segregación laboral},
    publisher = {Fundación BBVA},
    year = {2010}
}
    % https://elibro-net.bibliotecadigital.umayor.cl:2443/es/ereader/umayor/60323

@article{Kaya2023,
    author = {Kaya, E.},
    title = {Tendencias de la brecha salarial de género en Europa. Análisis de factores asociados a los precios de las calificaciones},
    journal = {Revista Internacional del Trabajo},
    year = {2023},
    volume = {142},
    number = {3},
    pages = {419-441},
    doi = {10.1111/ilrs.12286},
    issn = {0378-5548}
}
    % https://research-ebsco-com.bibliotecadigital.umayor.cl:2443/c/6ovw2f/search/details/qjtto5eoe5?limiters=FT%3AY&q=salarial+genero https://research-ebsco-com.bibliotecadigital.umayor.cl:2443/c/6ovw2f/viewer/pdf/qjtto5eoe5

@article{Castro-Romero2024,
    author = {de Castro-Romero, Lidia and Martín-Barroso, Víctor and Santero-Sánchez, Rosa},
    title = {Empoderamiento y brecha salarial a través de indicadores internacionales de género},
    journal = {Revista de Economía Mundial},
    year = {2024},
    pages = {43-65},
    doi = {10.33776/rem.vi66.7800},
    issn = {1576-0162}
}
    % https://research-ebsco-com.bibliotecadigital.umayor.cl:2443/c/6ovw2f/search/details/rsau2d7igb?limiters=FT%3AY&q=salarial+genero https://research-ebsco-com.bibliotecadigital.umayor.cl:2443/c/6ovw2f/viewer/pdf/rsau2d7igb?auth-callid=ab35aaaa-6d39-97ae-a53e-97074d986f49

@article{Ibanez2022,
    author = {Ibañez, Marta and García, Elisa and Aguado, Empar},
    title = {Mujeres en mundos de hombres: segregación ocupacional de género y mecanismos de cierre social de acceso en profesiones de dominación masculina},
    journal = {Ediciones Complutense},
    year = {2022},
    pages = {329-343},
    doi = {10.5209/stra.81673},
    eissn = {2603-9710}
}

@techreport{Munro2019,
    author = {Munro, Kristin},
    title = {Social Reproduction Theory, Social Reproduction, and Household Production},
    institution = {Department of Economics and Finance, St. John's University},
    year = {2019},
    volume = {83},
    number = {4},
    pages = {451-468}
}

@book{Federici2013,
    author = {Federici, Silvia},
    title = {Revolución en punto cero. Trabajo doméstico, reproducción y luchas feministas},
    publisher = {Traficantes de Sueños},
    address = {Madrid, España},
    year = {2013}
}

@book{Fraser2015,
    author = {Fraser, Nancy},
    title = {Fortunas del feminismo},
    publisher = {Instituto de Altos Estudios Nacionales del Ecuador (IAEN)},
    address = {Quito, Ecuador},
    year = {2015}
}

@misc{Proyecto1,
    author = {Riquelme, Camilo},
    title = {Análisis de los Ingresos Principales en Chile: Una Perspectiva Demográfica, Regional y Comparativa con el Sueldo Mínimo},
    howpublished = {\url{https://github.com/ElK1000o/Taller-Ciencia-de-Datos-I/tree/main/Proyecto}},
    note = {Consultado: 4 de septiembre de 2024},
    year = {2024}
}

@misc{CASEN2022,
    author = {{Ministerio de Desarrollo Social y Familia de Chile}},
    title = {Encuesta de Caracterización Socioeconómica Nacional (CASEN) 2022},
    howpublished = {\url{https://observatorio.ministeriodesarrollosocial.gob.cl/encuesta-casen-2022}},
    note = {Consultado: 4 de septiembre de 2024},
    year = {2022}
}

@misc{ENE2022,
    author = {{Instituto Nacional de Estadísticas (INE)}},
    title = {Encuesta Nacional de Empleo (ENE) 2022},
    howpublished = {\url{https://www.ine.gob.cl/estadisticas/sociales/mercado-laboral/ocupacion-y-desocupacion}},
    note = {Consultado: 4 de septiembre de 2024},
    year = {2022}
}

@misc{cyma,
	author = {{CYMA Suite}},
	title = {Sueldo Mínimo en Chile},
	note = {Consultado: 21 de junio de 2024}
}